<record><leader>00000cas a22000007  4500</leader><controlfield tag="001">20908565</controlfield><controlfield tag="008">900116d19421944vauwr ne      0   a0eng d</controlfield><datafield ind1=" " ind2=" " tag="010"><subfield code="a">sn 94059357 </subfield></datafield><datafield ind1=" " ind2=" " tag="040"><subfield code="a">VWM</subfield><subfield code="b">eng</subfield><subfield code="c">VWM</subfield><subfield code="d">NPH</subfield><subfield code="d">NVK</subfield><subfield code="d">OCLCQ</subfield></datafield><datafield ind1=" " ind2=" " tag="043"><subfield code="a">n-us-va</subfield></datafield><datafield ind1=" " ind2="4" tag="050"><subfield code="a">U1</subfield><subfield code="b">.S49</subfield></datafield><datafield ind1="0" ind2="4" tag="245"><subfield code="a">The Sky-watch.</subfield></datafield><datafield ind1=" " ind2=" " tag="260"><subfield code="a">Fort Eustis, Va.,</subfield><subfield code="b">Public Relations Office, Ft. Eustis.,</subfield><subfield code="c">1942-</subfield></datafield><datafield ind1=" " ind2=" " tag="300"><subfield code="a">v.</subfield><subfield code="b">ill.</subfield><subfield code="c">42 cm.</subfield></datafield><datafield ind1=" " ind2=" " tag="310"><subfield code="a">Weekly</subfield></datafield><datafield ind1="0" ind2=" " tag="362"><subfield code="a">vol. 1, no. 1 (Sept. 4, 1942)-</subfield></datafield><datafield ind1="1" ind2=" " tag="362"><subfield code="a">Ceased in 1944.</subfield></datafield><datafield ind1=" " ind2=" " tag="500"><subfield code="a">"Edited and published by and for the personnel of Fort Eustis, Virginia."</subfield></datafield><datafield ind1=" " ind2=" " tag="588"><subfield code="a">Latest issue consulted: Vol. 2, no. 42 (June 16, 1944).</subfield></datafield><datafield ind1=" " ind2="0" tag="650"><subfield code="a">Armed Forces</subfield><subfield code="z">Virginia</subfield><subfield code="v">Newspapers.</subfield></datafield><datafield ind1=" " ind2="0" tag="651"><subfield code="a">Fort Eustis (Va.)</subfield><subfield code="v">Newspapers.</subfield></datafield><datafield ind1=" " ind2="0" tag="651"><subfield code="a">Newport News (Va.)</subfield><subfield code="v">Newspapers.</subfield></datafield><datafield ind1=" " ind2=" " tag="752"><subfield code="a">United States</subfield><subfield code="b">Virginia</subfield><subfield code="d">Fort Eustis.</subfield></datafield><datafield ind1=" " ind2=" " tag="752"><subfield code="a">United States</subfield><subfield code="b">Virginia</subfield><subfield code="d">Newport News.</subfield></datafield></record>